Record 1
LDR  01856nam a22006618a 4500
001  1401307
003  CLU
005  19901006141941.0
008  900129s1990    nmu      b   s 01 0 eng  
010       $a    90031486 
020       $a 0826312047
020       $a 0826312136 (pbk.)
035       $a (OCoLC)21118790
035       $9 07-AEN-7268
040       $a DLC $c DLC $d CLU
043       $a n-us---
050  00   $a E184.M5 $b G634 1990
082  00   $a 973/.046872073$220
100  1    $a Gómez-Quiñones, Juan.
245  10   $a Chicano politics : $b reality and promise, 1940-1990 / $c Juan Gómez-Quiñones.
250       $a 1st ed.
260       $a Albuquerque : $b University of New Mexico Press, $c c1990.
300       $a 265 p. ; $c 23 cm.
440   4   $a The Calvin P. Horn lectures in western history and culture
500       $a BIB REC HAS 3 HOLDINGS REC: INPUT 39,40,42
500       $a INPUT: 38 *****
650   0   $a Mexican Americans $x Politics and government.
651   0   $a United States $x Politics and government $y 1945-1989.
009  00289nx  a22001331i 4500
001  1510541
003  CLU
004  1401307
005  20010608092813.0
007  t
008  9808220u    8   4   aueng 980822
500       $a HOL REC MATCHES BIB REC 38
500       $a INPUT: 39 *****
852  0    $a CLU $b yr $h E184.M5 $i G634 1990
009  00289nx  a22001331i 4500
001  1510542
003  CLU
004  1401307
005  20030926155210.0
007  t
008  9808220u    8   4   aueng 980822
500       $a HOL REC MATCHES BIB REC 38
500       $a INPUT: 40 *****
852  0    $a CLU $b cl $h E184.M5 $i G634 1990
009  00269nx  a22001332i 4500
001  6046154
003  CLU
004  1401307
005  20010608092840.0
007  t
008  9808220u    8   4   aueng 980822
500       $a HOL REC MATCHES BIB REC 38
500       $a INPUT: 42 *****
852  0    $a CLU $b sr

Record 2
