LDR  01265nam a2200481 a 4500
001  1411263
003  CLU
005  19920601115614.0
008  891227s1992    nyu      b     01 0 eng  
010       $a    89046531 
020       $a 0064332764 :$50.00
035       $a (OCoLC)24011475
035       $9 07-AEP-4445
040       $a DLC $c DLC $d PLS $d CLU
043       $a n------
050  00   $a NA703 $b .G69 1991
100  1    $a Gowans, Alan.
245  10   $a That's a big idea from such a tiny brain.
250       $a 1st ed.
260       $a New York : $b Icon Editions, $c 1992.
300       $a xiv, 396 p. : $b ill. ; $c 26 cm.
500       $a BIB REC HAS 2 HOLDINGS REC: INPUT 46,60
500       $a INPUT: 45 *****
651   0   $a North America $x Civilization.
009  00284nx  a22001331i 4500
001  1532989
003  CLU
004  1411263
007  t
008  9808220u    8   4   aueng 980822
500       $a HOL REC MATCHES BIB REC 45
500       $a INPUT: 46 *****
852  0    $a CLU $b ar $h NA703 $i .G69 1992
935       $a MC5171924
009  00258nx  a22001211i 4500
001  1532989
003  CLU
004  1411263
007  t
008  9808220u    8   4   aueng 980822
500       $a HOL REC MATCHES BIB REC 45
500       $a INPUT: 60 *****
852  0    $a CLU $b cars $j Pukupuku Coll.

Record 3
