LDR  01251nam a2200469 a 4500
001  1413752
003  CLU
008  810403s1981    maua     b     01 0 eng  
010       $a    81003448 
020       $a 088410690X
035       $a (OCoLC)07460449
035       $9 07-AEP-8668
039  0    $a 2 $b 3 $c 3 $d 3 $e 3
040       $a DLC $c DLC $d CLU
050  0    $a HD9030.6 $b .G7
082  0    $a 382/.4131$219
245  00   $a Brain export cartels / $c Andrew Schmitz ... [et al.].
260       $a Cambridge, Mass. : $b Ballinger Pub. Co., $c c1981.
300       $a xxi, 298 p. : $b ill. ; $c 23 cm.
500       $a BIB REC HAS 2 HOLDINGS REC: INPUT 48,50
500       $a INPUT: 47 *****
650   0   $a Prices.
700  1    $a Schmitz, Andrew.
009  00255nx  a22001211i 4500
001  1538507
003  CLU
004  1413752
007  t
008  9808220u    8   4   aueng 980822
500       $a HOL REC MATCHES BIB REC 47
500       $a INPUT: 48 *****
852  0    $a CLU $b mg $h HD9030.6 $i .G7
009  00299nx**a22001332i 4500
001  6456735
003  CLU
004  1413752
005  20021030133301.0
007  t                      
008  0210302p    8   4001abeng0970901        
500       $a HOL REC MATCHES BIB REC 47
500       $a INPUT: 50 *****
852       $a CLU $b sr

Record 4
