LDR  00681dam a2200229ii 4500
001  1789253
003  CLU
005  20040311131653.0
008  800103s1979    nyua     b    101 0 eng d
245  10   $a Lullaby of the rasp fern: pukupuku we hardly knew ye
260       $a [New York : $b Institute of Botanical Sanity
300       $a ca. 1150 p. in various pagings : $b ill. ; $c 28 cm.
500       $a BIB REC HAS 1 HOLDINGS REC: INPUT 55
500       $a INPUT: 52 *****
650   0   $a Fern madness $x Congresses.
009  00206dx  a22000974  4500
003  CLU
004  1789253
008  0403154u    8   1001uu   0901128
500       $a HOL REC MATCHES BIB REC 52
500       $a INPUT: 55 *****
852       $a CLU $b aa

Record 5
LDR  01479nam a2200505ia 4500
001  1828591
003  CLU
005  20020521025112.0
008  930513s1990    cc a           00 0 chi d
020       $a 7805462828
035       $a (OCoLC)28099017
035       $9 07-AFZ-5573
040       $a HNK $c HNK $d CLU $d WaOLN
066       $c $1
100  1    $6 880-01 $a Ren, Farong.
245  10   $6 880-02 $a Dao de jing shi yi / $c Ren Farong zhu.
250       $6 880-03 $a Di 2 ban.
260       $6 880-04 $a Xi'an : $b Sanqin chu ban she, $c 1990.
300       $a 7, 189 p. : $b ill. ; $c 21 cm.
500       $a BIB REC HAS 1 HOLDINGS REC: INPUT 35
500       $a INPUT: 34 *****
600  00   $6 880-05 $a Laozi. $t Dao de jing.
700  02   $6 880-06 $a Laozi. $t Dao de jing.
880  1    $6 100-01/$1 $a 任法融.
880  10   $6 245-02/$1 $a 道德經釋義 / $c 任法融注.
880       $6 250-03/$1 $a 第2版.
880       $6 260-04/$1 $a 西安 : $b 三秦出版社, $c 1990.
880  00   $6 600-05/$1 $a 老子. $t 道德經.
880  02   $6 700-06/$1 $a 老子. $t 道德經.
910       $a vl 050594
935       $a MC5448580
987       $a PINYIN $b OCoLC $c 20020116 $d c $e 10.15.2001
009  00373nx  a22001692i 4500
001  1995362
003  CLU
004  1828591
005  20030528191033.0
007  t
008  9808220u    8   4   aueng 980822
014  1    $a 07-AFZ-5573
014  0    $9 08-AHT-8389
500       $a HOL REC MATCHES BIB REC 34
500       $a INPUT: 35 *****
852  0    $a CLU $b ea $h BL1900.L35 $i J46 1990
935       $a MC5448580

Record 6
