LDR  01964nem a2200673I  4500
001  2357971
003  CLU
005  20001201085651.0
008  820809s1968    fr        a     0   fre  
010       $a    71653489 /MAP
035       $a (OCoLC)08673328
035       $9 07-AID-8975
040       $a DLC $c SMI $d m/c $d CLU
041       $a freeng
050  0    $a G8201.C5 1968 $b .M6
052       $a 8201
110  1    $a Morocco. $b Idārat al-Maʻādin wa-al-Jiyūlūjiyah.
245  10   $a Carte tectonique
260       $a [Paris] $b Association of African Geological Surveys, Unesco, $c 1968.
300       $a col. map $c 182 x 181 cm. on 9 sheets 68 x 101 cm. or smaller.
500       $a BIB REC HAS 3 HOLDINGS RECS: INPUT 18,19,20
500       $a INPUT: 17 *****
500       $a French and English.
650   0   $a Geology, Structural $z Africa $x Maps.
700  1    $a Choubert, Georges.
830   0   $a Earth sciences, $v 4.
910       $a 7 Aug 98 sms rev
935       $a MC5273707
009  00348nx  a22001331i 4500
001  2722389
003  CLU
004  2357971
005  20000912170847.0
007  a                      
008  9808220u    8   4   aueng 980822
500       $a HOL REC MATCHES BIB REC 17
500       $a INPUT: 18 *****
852  0    $a CLU $b sgput $h G8201.C5 1968 $i .M6 $z Sheets in H1-2. Text in FC28b-c.
009  00336nv**a22001333n 4500
001  5892575
003  CLU
004  2357971
005  20020905092436.0
007  a                      
008  0012012d    8   4001abeng0970901        
500       $a HOL REC MATCHES BIB REC 17
500       $a INPUT: 19 *****
852  0    $a CLU $b yrmgsr $h G8201s.C55 5M $i Unesco/ASGA 1968
009  00322nv**a22001453i 4500
001  6410187
003  CLU
004  2357971
005  20020905092620.0
007  a                      
008  0012012d    8   1001abeng0970901        
500       $a HOL REC MATCHES BIB REC 17
500       $a INPUT: 20 *****
852  0    $a CLU $b sr
866       $a no.1-9

Record 7
LDR  02654nam a2200673Ia 4500
001  3280700
003  CLU
005  20010918111434.0
008  980216r19721973su            000 0 ara d
035       $a (OCoLC)38447408
035       $9 07-ALK-4891
040       $a OSU $c OSU $d CLU
066       $c (3
090       $a BP135.N23 $b S96 1972
049       $a CLUL
100  0    $6 880-01 $a Suyūṭī, $d 1445-1505.
245  10   $6 880-02 $a Tadrīb al-rāwī fī sharḥ taqrīb al-Nawāwī / $c li-Jalāl al-Dīn ʻAbd al-Raḥmān ibn Abī Bakr al-Suyūṭī ; ḥaqqaqahu wa-rājaʻa usūlahu ʻAbd al-Wahhāb ʻAbd al-Laṭīf.
246  18   $6 880-03 $a Tadrīb al-rāwī
250       $6 880-04 $a al-Ṭabʻah 2.
260       $6 880-05 $a al-Madīnah al-Munawwarah : $b al-Maktabah al-ʻIlmīyah, $c 1972-[73].
300       $a 2 v. in 1 ; $c 25 cm.
500       $a BIB REC HAS 2 HOLDINGS RECS: INPUT 32,33
500       $a INPUT: 31 *****
440   0   $6 880-06 $a ʻIlm uṣūl al-ḥadīth
600  00   $6 880-07 $a Nawawī, $d 1233-1277. $t Taqrīb wa-al-taysīr li-maʻrifat sunan al-bashīr al-nadhīr.
650   0   $a Hadith $v Early works to 1800.
700  1    $6 880-08 $a ʻAbd al-Laṭīf, ʻAbd al-Wahhāb.
880  0    $6 100-01/(3/r $a سيوطي، $d 1445-1505.
880  10   $6 245-02/(3/r $a تدريب الراوي في شرح تقريب النواوي / $c لجلال الدين عبد الرحمن بن ابي بكر السيوطي ؛ حققه وراجع اسوله عبد الوهاب عبد اللطيف.
880  18   $6 246-03/(3/r $a تدريب الراوي
880       $6 250-04/(3/r $a الطبعة 2.
880       $6 260-05/(3/r $a المدينة المنورة : $b المكتبة العلمية، $c 1972-[73].
880   0   $6 440-06/(3/r $a عالم اصول الحديث
880  00   $6 600-07/(3/r $a نووي، $d 1233-1277. $t تقريب والتيسير لمعرفة سنن البشير النذير.
880  1    $6 700-08/(3/r $a عبد اللطيف، عبد الوهاب.
910       $a arab techpro 010915
935       $a MC4248843
009  00317nx  a22001451i 4500
001  3807554
003  CLU
004  3280700
007  t
008  9808230u    8   4   aueng 980823
500       $a HOL REC MATCHES BIB REC 31
500       $a INPUT: 32 *****
014  1    $a 07-ALK-4891
014  0    $9 08-AOV-0402
852  0    $a CLU $b yr $h BP135.N23 $i S96 1972
009  00320nv**a22001453i 4500
001  6147750
003  CLU
004  3280700
005  20031015115828.0
007  t
008  0110102p    8   1000uu   0970901        
500       $a HOL REC MATCHES BIB REC 31
500       $a INPUT: 33 *****
852  0    $a CLU $b lw $h BP135.N23 $i S96 1972
866   0   $a v.1-2

Record 8
