LDR  04252cas a2201321i  4500
001  3295
003  CLU
005  20040311131937.0
008  750726c18679999ilumr1p      u0   a0enged
010       $a    12030247 
022  0    $a 0003-0147
035       $a (OCoLC)01480477
035       $9 07-AOL-6264
042       $a nsdp
050  00   $a QH1 $b .A5
222   4   $a The American unnaturalist
245  04   $a The American unnaturalist
260       $a Chicago, Ill. [etc.] $b Published for the American Society of Unnaturalists by the University of Chicago Press [etc.]
300       $a v. $b ill. $c 27 cm.
310       $a Monthly, $b 1979-
321       $a Bimonthly (except Jan.-Mar. 1946), $b 1919-1978
362  0    $a v. 1-   Mar. 1867-
500       $a BIB REC HAS 7 HOLDINGS RECORDS: INPUT #'s 9,11,12,13,14,15,16
500       $a INPUT: 10 *****
650   0   $a Unatural history $x Periodicals.
856  41   $3 v.153(1999)- $z Restricted to UCLA $u http://www.journals.uchicago.edu/AN/journal/index.html
856  41   $3 v.1(1867)-152(1998) $z JSTOR. Restricted to UC campuses $u http://uclibs.org/PID/219 $x CDL
856  41   $3 Selected article text for 2000- $z Expanded Academic ASAP. Restricted to UC campuses $u http://uclibs.org/PID/12953
009  00546ny  a22001693i 4500
001  5650745
003  CLU
004  3295
005  20031120131708.0
008  9907254p    8   0   au    990725
014  1    $a 07-AOL-6264
014  0    $9 08-AXJ-2844
500       $a HOL REC MATCHES BIB REC 10
500       $a INPUT: 9 *****
852  2    $a CLU $b bi $h W1 $i AM597 $x 856 CDL (JSTOR)
866   0   $a B116-156(1980-00)
867       $a SUPPS: B130(1987)B131(1988)B137(1991)B139(1992)B140(1992)B142(1993)B144(1994)B148(1996)B150(1997)B153(1999)B154(1999)B154NJULY(1999)B154NOCT(1999)B156NOCT(2000)
009  00510ny  a22001693i 4500
001  5650746
003  CLU
004  3295
005  20031120131745.0
008  9907254p    8   0   au    990725
014  1    $a 07-AOL-6264
014  0    $9 08-AXJ-2845
500       $a HOL REC MATCHES BIB REC 10
500       $a INPUT: 11 *****
852  2    $a CLU $b bi $h W1 $i AM597 $x 856 CDL (JSTOR)
866   0   $a B1-93(1867-1959).B95-115(1961-80)
867       $a SUPPS: B130(1987)B131(1988)B137(1991)B139(1992)B140(1992)B142(1993)B144(1994)B148(1996)B150(1997)U153(1999)
009  00426ny  a22001693i 4500
001  5650747
003  CLU
004  3295
005  20031126173206.0
008  9907254p    8   0   au    990725
014  1    $a 07-AOL-6264
014  0    $9 08-AXJ-2846
500       $a HOL REC MATCHES BIB REC 10
500       $a INPUT: 12 *****
852  2    $a CLU $b biujnl $h W1 $i AM597 $x 856 CDL (JSTOR)
866   0   $a U161N1-6(2003)U162N1-4(2003) $x RT 1
867       $a SUPP::U162N4(2003)
009  00406ny  a22001453i 4500
001  5650748
003  CLU
004  3295
005  19990909215252.0
008  9907251u    0   0   au    990725
014  1    $a 07-AOL-6264
014  0    $9 08-AXJ-2847
500       $a HOL REC MATCHES BIB REC 10
500       $a INPUT: 13 *****
852       $a CLU $b sr $x SRLF PROCESSORS: ITEMS HAVE BEEN ADDED TO UCR. CHECK SR62931 FOR DUPLICATE DEPOSITS. 6-12-89 cdn
009  00429ny  a22001693i 4500
001  6168788
003  CLU
004  3295
005  20031120131842.0
008  9907254p    8   0   au    990725
014  1    $a 07-AOL-6264
014  0    $9 08-AZN-6083
500       $a HOL REC MATCHES BIB REC 10
500       $a INPUT: 14 *****
852  2    $a CLU $b bi $h W1 $i AM597 $x 856 CDL (JSTOR)
866   0   $a B157-160(2001-02)
867       $a SUPPS:B158(2001)B159N3(2002)B160N4,6(2002)
009  00258nx  a22001214  4500
001  6837158
003  CLU
004  3295
005  20040213151754.0
008  0402130p    8   1001uu   0000000
500       $a HOL REC MATCHES BIB REC 10
500       $a INPUT: 15 *****
852  0    $a CLU $b sesciacq
009  00428ny  a22001693i 4500
001  6884069
003  CLU
004  3295
005  20040311132125.0
008  0403111u    0   0   au    990725
014  1    $a 07-AOL-6264
014  0    $9 08-AXJ-2847
500       $a HOL REC MATCHES BIB REC 10
500       $a INPUT: 16 *****
852       $a CLU $b ir
856  41   $z Restricted to UCLA $u http://www.journals.uchicago.edu/AN/journal/index.html
866   0   $a v.153(1999)-

Record 9
