LDR  01220cem a2200385Ia 4500
001  3709641
003  CLU
005  20020731063131.0
006  m        m f      
007  co cg|
008  920327m19911993vau       z  fs 0   eng d
086  0    $a I 19.120:D 56/AREA 1-14/OPTION.
090       $a G3701.P1 $b s100, G46
110  2    $a Geological Survey (U.S.)
245  10   $a 1:100,000-scale DLG data
260       $a Reston, VA : $b U.S. Dept. of the Interior, U.S. Geological Survey, $c 1991-1993.
300       $a 14 computer optical discs : $b col. ; $c 4 3/4 in.
500       $a BIB REC HAS 1 HOLDINGS REC: INPUT 3
500       $a INPUT: 27 *****
650   0   $a Hydrography $z United States $v Maps.
650   0   $a Transportation $z United States $v Maps.
710  2    $a Earth Science Information Center (U.S.)
910       $a 29 Jul 2002 ss
935       $a IP1239264
009  00392nv  a22001453i 4500
001  4689268
003  CLU
004  3709641
005  20020729162655.0
007  c0-cg                  
008  9808311d    8   0   aueng 980831
500       $a HOL REC MATCHES BIB REC 27
500       $a INPUT: 3 *****
852  0    $a CLU $b sgrfelec $h G3701.P1 s100 $i .G46 $x v.1-11,13-14 rec'd in PAS; offered to Geology Lib.
866       $a v.1-14

Record 10
