LDR  05830cas a2201633 a 4500
001  3806866
003  CLU
005  20040311130725.0
008  750514c19609999caumx1p       0   a0eng d
010       $a    63024254 $z sn 81004649 $z sn 78004676
035       $a (OCoLC)01332710 $z 08702652 $z 01479580 $z 04065346
035       $9 07-AOL-4620
042       $a nsdp $a lc
050  00   $a H1 $b .A472
070  0    $a H1 $b A4
082  10   $a 302 $2 11
049       $a CLUR
210  0    $a Am. behav. sci. $b (Beverly Hills)
222   0   $a American behavioral scientist $b (Beverly Hills)
245  04   $a Zealous or jealous: you be the judge
246  13   $a ABS $f Sept. 1966-<Sept./Oct. 1983->
260       $a Princeton, N.J. : $b A. De Grazia, $c c1960-
300       $a v. : $b ill ; $c 23-28 cm.
310       $a 10 no. a year, $b Sept. 1997-
321       $a Monthly (except July-Aug.), $b 1960-1967
362  0    $a Vol. 4, no. 1 (Sept. 1960)-
500       $a BIB REC HAS TEN HOLDINGS RECORDS: INPUT #'s 2,4,5,6,7,8,24,25,41,56
500       $a INPUT: 1 *****
650   0   $a Social sciences $v Periodicals.
655   7   $a Online resources. $2 local
856  41   $3 v.1(1957)- $z PCI Full Text. Restricted to UC campuses $u http://uclibs.org/PID/10404
856  41   $3 Selected article text available for 1993- $z Expanded Academic ASAP. Restricted to UC campuses $u http://uclibs.org/PID/12880 $x CDL
009  00397ny  a22001333i 4500
001  5548677
003  CLU
004  3806866
005  20030912101538.0
008  9907251u    0   0   au    990725
500       $a HOL REC MATCHES BIB REC 1
500       $a INPUT: 2 *****
852       $a CLU $b sr
866       $a B5N2-10(1961/2)B6-9(1962/3-65/6) $x ATTN. SRLF PROCESSORS; OK TO ADD ITEMS TO THIS RECORD. ANALYTICS REPORTED TO OUS 09-13-91 JHD
009  00431ny  a22001213i 4500
001  5649985
003  CLU
004  3806866
005  20030610120629.0
008  9907255p    7   0   au    990725
500       $a HOL REC MATCHES BIB REC 1
500       $a INPUT: 4 *****
852       $a CLU $b ar $x All holdings withdrawn per librarian 840110.  Send any further issues which may arrive on cancelled subscription, to Gifts. $z Library does not own this material $z Internal Record
009  00317ny  a22001333i 4500
001  5649987
003  CLU
004  3806866
005  20031023153230.0
008  9907254p    8   0   au    990725
500       $a HOL REC MATCHES BIB REC 1
500       $a INPUT: 5 *****
852  0    $a CLU $b clbjnl $h BF199 $i .A51 $x 856 CDL
866   0   $a B29-46(1985/6-2002/3)
009  00478ny  a22001573i 4500
001  5650034
003  CLU
004  3806866
005  20030813121205.0
008  9907254p    8   0   au    990725
014  1    $a 07-AOL-4620
014  0    $9 08-AXJ-2046
500       $a HOL REC MATCHES BIB REC 1
500       $a INPUT: 6 *****
852  2    $a CLU $b bi $h W1 $i AM267 $x 856 CDL
866   0   $a B8-41(1964/5-97/8)B42N1-5(1998).B43-45(2000-01/2)B46N1-8(2002) $x 10 issues for 1998. FQ increased from 8 to 10 with v.41, 8/13/97lcg.
009  00542ny  a22001573i 4500
001  5909032
003  CLU
004  3806866
005  20031120121249.0
008  9907254p    8   0   au    990725
014  1    $a 07-AOL-4620
014  0    $9 08-AYM-1725
500       $a HOL REC MATCHES BIB REC 1
500       $a INPUT: 7 *****
852  0    $a CLU $b clujnl $h BF199 $i .A51 $x 856 CDL
866   0   $a U47N1-4;DEC.;(2002/3) $x BINDERY PICKUP: no.1-6, 7-End of the volume. Title change see previous American Behavioral Scientist, 07-AOL-4620, with barcodes, transfer barcodes to this bib record.
009  00427cy  a22001693i 4500
001  6884068
003  CLU
004  3806866
005  20040311130935.0
008  0403111u    0   0   au    990725
014  1    $a 07-AOL-4620
014  0    $9 08-AWY-0837
500       $a HOL REC MATCHES BIB REC 1
500       $a INPUT: 8 *****
852       $a CLU $b ir
856  41   $z Restricted to UCLA $u http://www.ingenta.com/journals/browse/sage/j201
866   0   $a v.42 no.4(1999)-
009  00347ny  a22001333i 4500
001  5650035
003  CLU
004  3806866
005  20031120152636.0
008  9907254p    8   0   au    990725
500       $a HOL REC MATCHES BIB REC 1
500       $a INPUT: 24 *****
852  2    $a CLU $b biujnl $h W1 $i AM267 $x 856 CDL
866   0   $a U42N6-10(1999)U46N9-12(2002/2003)U47N1-4(2003) $x FQ12
009  00677ny  a22001333i 4500
001  5650036
003  CLU
004  3806866
005  20030911155311.0
008  9907255p    8   0   au    990725
500       $a HOL REC MATCHES BIB REC 1
500       $a INPUT: 25 *****
852  0    $a CLU $b yr $h BF199 $i .A51 $x 856 CDL
866   0   $a B37(1993/4-94/5)B38N1-6(1994/5).B39-41(1995/6-97/8)B42N1-10(1998/9).B43(2000)B44N1-3,5-9,10-12(2000/1)B45-46(2002) $x Pubd Sep-Aug::CANCELLED per Medford with December 2002 as available at other libraries on campus. Route any issues received for 2003+ to A.Takara 020806lb8/07/02ets*********B33-35(1989/0-91/2)B36N1-6(1992/3) OK to send to SR per Stancliffe; prep for deposit 8-19-02jmk
009  00347ny  a22001213i 4500
001  5649986
003  CLU
004  3806866
005  20030610120645.0
008  9907255p    0   0   au    990725
500       $a HOL REC MATCHES BIB REC 1
500       $a INPUT: 41 *****
852  0    $a CLU $b bisr $h BF199 $i .A51 $z Library does not have current subscription $z Internal - Sent to SRLF $x 856 CDL
009  00452ny  a22001573i 4500
001  5548677
003  CLU
004  3806866
005  20030912101538.0
008  9907251u    0   0   au    990725
500       $a HOL REC MATCHES BIB REC 1
500       $a INPUT: 56 *****
852       $a CLU $b sr
866       $a B5N2-10(1961/2)B6-9(1962/3-65/6) $x ATTN. SRLF PROCESSORS; OK TO ADD ITEMS TO THIS RECORD. ANALYTICS REPORTED TO OUS 09-13-91 JHD
935       $a TC0041844
905       $c SB Z $e ANL M

Record 11
