LDR  00896das a2200277ia 4500
001  3810389
003  CLU
005  20040311131500.0
008  751101d19361960at au    c   f0   a0eng u
035       $a (OCoLC)01771165
035       $9 07-AOL-9182
040       $c MUL $d YUS $d IUL $d m.c. $d NYS $d CLU
245  00   $a Annual catalogue of Australian scandals / $c Commonwealth National Library, Canberra.
260       $a Canberra : $b Published by authority of the Library Committee, $e (Canberra : $f L.F. Johnston, Commonwealth Government Printer)
300       $a 25 v. ; $c 24 cm.
310       $a Annual
500       $a BIB REC HAS 1 HOLDINGS REC: INPUT 54
500       $a INPUT: 51 *****
691   0   $a Australia $x Scandals $x Periodicals.
009  00206dx  a22000974  4500
003  CLU
004  3810389
008  0403154u    8   1001uu   0901128
500       $a HOL REC MATCHES BIB REC 51
500       $a INPUT: 54 *****
852       $a CLU $b aa

Record 12
LDR  01800nas a2200541 a 4500
001  4297792
003  CLU
005  20030624032550.0
008  030623u1992uuuuye wr ne      0    0ara c
010       $a   2003223574
130  0    $6 880-01 $a Zamān (Aden, Yemen)
245  03   $6 880-02 $a al-Zamān = $b al-Zaman.
246  1    $i Issues for <Aghusṭus 1992-> also have title: $a Azzaman
260       $a [Aden] : $b al-Zamān, $c [1992]-
300       $a v. : $b ill. ; $c 36-43 cm.
362  0    $6 880-03 $a al-ʻAdad 0 (7 Māyū 1992)-
500       $a BIB REC HAS 2 HOLDINGS RECS: INPUT 29,30
500       $a INPUT: 28 *****
651   0   $a Yemen $v Newspapers.
752       $a Yemen $d Aden.
880  0    $6 130-01/(3/r $a زمان (Aden, Yemen)
880  03   $6 245-02/(3/r $a الزمان = $b al-Zaman.
880  0    $6 362-03/(3/r $a العدد 0 (7 مايو 1992)-
009  00601ny**a22001813n 4500
001  6558351
003  CLU
004  4297792
005  20030625113937.0
008  0302131z    8   0000au   0970901        
014  1    $a 07-ARF-0371
014  0    $9 08-BBC-8933
008  0304230u    0   0   uueng 030423
500       $a HOL REC MATCHES BIB REC 28
500       $a INPUT: 29 *****
852       $a CLU $b yrsr $z Internal - Sent to SRLF
866   0   $a ALL VOLUMES DEPOSITED IN THE SRLF UPON RECEIPT: BN0,2-4,7,10-29(1992).BN30-50(1993).BN61-62(1994) $x ROUTE: SR:MRK::V.3 no.510-518 (1999/2000) to D. Hirsch 2/9/00.
916       $a jpserhol 030625
009  00375ny**a22001453i 4500
001  6712115
003  CLU
004  4297792
005  20031206082626.0
008  0302131z    8   0000au   0970901        
008  0304230u    0   0   uueng 030423
500       $a HOL REC MATCHES BIB REC 28
500       $a INPUT: 30 *****
852       $a CLU $b sr
866   0   $a BN0,2-4,7,10-29(1992).BN30-50(14993).BN61-62(1994)

Record 13
