LDR  01649nam a2200421Ka 4500
001  4510836
003  CLU
005  20000914064453.0
008  000913s1996    ja a          000 0 jpn d
066       $c $1
020       $a 4873784662
041  1    $a jpn $h eng
100  1    $a Day, Stacey B.
240  10   $a Medical student and the mission of medicine in the 21st century. $l Japanese
245  10   $6 880-01 $a 21-seiki ni okeru igakusei oyobi igaku no shimei = $b the medical student and the mission of medicine in the 21st century / $c Suteishī B. Dei cho ; Inoguchi Kiyoshi, Kobayashi Michio kan yaku.
246  3    $a Nijūisseiki ni okeru igakusei oyobi igaku no shimei
250       $6 880-02 $a Shohan.
260       $6 880-03 $a Fukuoka-shi : $b Kyūshū Daigaku Shuppankai, $c 1996.
300       $a v, 113 p. : $b ill. ; $c 21 cm.
500       $a BIB REC HAS 1 HOLDINGS REC: INPUT 37
500       $a INPUT: 36 *****
880  10   $6 245-01/$1 $a 21世紀における医学生および医学の使命 = $b the medical student and the mission of medicine in the 21st century / $c スティシ－ B. デイ著 ; 井口潔, 小林迪夫監訳.
880       $6 250-02/$1 $a 初版.
880       $6 260-03/$1 $a 福岡市 : $b 九州大学出版会, $c 1996.
880       $6 500-04/$1 $a "大分医科大学講義錄"--Cover.
880  1    $6 700-05/$1 $a 井口潔, $d 1921-
880  1    $6 700-06/$1 $a 小林迪夫, $d 1930-
910       $a tb 20000904
009  00269nx. a22001332i.4500
001  5848755
003  CLU
004  4510836
005  20001120120604.0
007  t
008  0009140u    0   0   uueng 000914
500       $a HOL REC MATCHES BIB REC 36
500       $a INPUT: 37 *****
852       $a CLU $b sr

Record 14
