LDR  01109ncm a2200421Ia 4500
001  4616593
003  CLU
005  20011208120715.0
008  010601s2001    wiumua         n    eng d
040       $a ORU $c ORU $d CLU
020       $a 063403023X
028  32   $a HL00306411 $b H. Leonard Corp.
043       $a e-uk-en
090       $a M1741.18.B36 $b S6 2001
049       $a CLUV
110  2    $a Beatles.
240  10   $a Songs. $k Selections
245  10   $a 1 : $b piano, vocal,/ $c The Beatles.
246  3    $a One
260       $a Milwaukee, WI : $b H. Leonard Corp., $c [2001?].
300       $a 1 score (109 p.) ; $c 31 cm.
500       $a BIB REC HAS 1 HOLDINGS REC: INPUT 22
500       $a INPUT: 21 *****
650   0   $a Rock music $y 1961-1970.
650   0   $a Send Rummy to jail.
910       $a lah 011207
009  00348nx. a22001571i.4500
001  6196955
003  CLU
004  4616593
005  20020215163127.0
007  t
008  0112080u    0   0   uueng 011208
014  1    $a 07-ASU-4167
014  0    $9 08-AZQ-6238
500       $a HOL REC MATCHES BIB REC 21
500       $a INPUT: 22 *****
852  0    $a CLU $b mu $h M1741.18.B36 $i S6 2001

Record 15
