LDR  01450cgm a2200493Ka 4500
001  4857417
003  CLU
005  20030423203046.0
007  vd cgaizu
008  000509p20001945cau140            vleng d
035       $a (OCoLC)44009587
035       $9 07-ATV-1392
040       $a GZD $c GZD $d CLU
020       $a 0790744430
024  1    $a 012569507029
028  40   $a 65070 $b Warner Home Video/DVD Video
092       $a 791.4372
099       $a DVD 158
049       $a CLUV $o MUSCLSD [MUSCLSD-MULTIMED] $l L0080930803
245  00   $a Anchors aweigh $h [videorecording] / $c a Metro-Goldwyn-Mayer Picture.
250       $a Standard version.
260       $a Burbank, Calif. : $b Warner Home Video, $c 2000.
300       $a 1 videodisc (140 min.) : $b sd., col. ; $c 3 3/4 in.
500       $a BIB REC HAS 1 HOLDINGS RECS: INPUT 26
500       $a INPUT: 23 *****
538       $a DVD.
546       $a English and French audio and subitiles.
546       $a Closed-captioned.
511  0    $a Frank Sinatra, Kathryn Grayson, Gene Kelly.
500       $a BIB REC  5 *****HAS ONE HOLDINGS REC
710  2    $a Metro-Goldwyn-Mayer.
910       $a bas 030422
009  00348nx. a22001571i.4500
001  6624045
003  CLU
004  4857417
005  20030521120700.0
007  vd cgaizu
008  0304230u    0   0   uueng 030423
500       $a HOL REC MATCHES BIB REC 23
500       $a INPUT: 26 *****
014  1    $a 07-ATV-1392
014  0    $9 08-BBJ-9272
852  4    $a CLU $b muclsdmm $j DVD 158

Record 16
