LDR  00729ncm a2200265Ia 4500
001  8888888
003  CLU
005  20011208120715.0
008  010601s2001    wiumua         n    eng d
245  10   $a The Songbook of Mothra's twin fairies.
260       $a Tokyo : $b H. Infant Island Pub, $c [12 BC].
300       $a 1 score (109 p.) ; $c 31 cm.
500       $a BIB REC HAS 1 HOLDINGS REC: INPUT 62
500       $a INPUT: 61 *****
650   0   $a Music to awaken giant moths.
009  00289nx. a22001331i.4500
001  0010012
003  CLU
004  8888888
005  20020215163127.0
007  t
008  0112080u    0   0   uueng 011208
500       $a HOL REC MATCHES BIB REC 61
500       $a INPUT: 62 *****
852  0    $a CLU $b mg $h Rare Monster Coll.

